@inproceedings{lagree2017effective,
  title={Effective large-scale online influence maximization},
  author={Lagr{\'e}e, Paul and Capp{\'e}, Olivier and Cautis, Bogdan and Maniu, Silviu},
  booktitle={Data Mining (ICDM), 2017 IEEE International Conference on},
  pages={937--942},
  year={2017},
  organization={IEEE}
}

@inproceedings{bubeck2012optimal,
  title={Optimal discovery with probabilistic expert advice},
  author={Bubeck, S{\'e}bastien and Ernst, Damien and Garivier, Aur{\'e}lien},
  booktitle={Decision and Control (CDC), 2012 IEEE 51st Annual Conference on},
  pages={6808--6812},
  year={2012},
  organization={IEEE}
}

@inproceedings{cesa2013gang,
  title={A gang of bandits},
  author={Cesa-Bianchi, Nicolo and Gentile, Claudio and Zappella, Giovanni},
  booktitle={Advances in Neural Information Processing Systems},
  pages={737--745},
  year={2013}
}

@inproceedings{abbassi2009getting,
  title={Getting recommender systems to think outside the box},
  author={Abbassi, Zeinab and Amer-Yahia, Sihem and Lakshmanan, Laks VS and Vassilvitskii, Sergei and Yu, Cong},
  booktitle={Proceedings of the third ACM conference on Recommender systems},
  pages={285--288},
  year={2009},
  organization={ACM}
}

@phdthesis{vie2016modeles,
  title={Mod{\`e}les de tests adaptatifs pour le diagnostic de connaissances dans un cadre d'apprentissage {\`a} grande {\'e}chelle},
  author={Vie, Jill-J{\^e}nn},
  year={2016},
  school={Universit{\'e} Paris-Saclay}
}

@article{kunaver2017diversity,
  title={Diversity in recommender systems--A survey},
  author={Kunaver, Matev{\v{z}} and Po{\v{z}}rl, Toma{\v{z}}},
  journal={Knowledge-Based Systems},
  volume={123},
  pages={154--162},
  year={2017},
  publisher={Elsevier}
}

@article{adomavicius2005toward,
  title={Toward the next generation of recommender systems: A survey of the state-of-the-art and possible extensions},
  author={Adomavicius, Gediminas and Tuzhilin, Alexander},
  journal={IEEE Transactions on Knowledge \& Data Engineering},
  number={6},
  pages={734--749},
  year={2005},
  publisher={IEEE}
}

@inproceedings{tang2003smart,
  title={Smart recommendation for an evolving e-learning system},
  author={Tang, Tiffany Ya and McCalla, Gordon},
  booktitle={Workshop on Technologies for Electronic Documents for Supporting Learning, International Conference on Artificial Intelligence in Education},
  pages={699--710},
  year={2003}
}

@article{koutrika2018recent,
  title={Recent Advances in Recommender Systems: Matrices, Bandits, and Blenders},
  author={Koutrika, Georgia},
  year={2018}
}

@inproceedings{guillou2016large,
  title={Large-scale Bandit Recommender System},
  author={Guillou, Fr{\'e}d{\'e}ric and Gaudel, Romaric and Preux, Philippe},
  booktitle={International Workshop on Machine Learning, Optimization and Big Data},
  pages={204--215},
  year={2016},
  organization={Springer}
}

@inproceedings{mary2015bandits,
  title={Bandits and recommender systems},
  author={Mary, J{\'e}r{\'e}mie and Gaudel, Romaric and Preux, Philippe},
  booktitle={International Workshop on Machine Learning, Optimization and Big Data},
  pages={325--336},
  year={2015},
  organization={Springer}
}

@article{smith2017two,
  title={Two decades of recommender systems at Amazon. com},
  author={Smith, Brent and Linden, Greg},
  journal={Ieee internet computing},
  volume={21},
  number={3},
  pages={12--18},
  year={2017},
  publisher={IEEE}
}

@article{zhou2010solving,
  title={Solving the apparent diversity-accuracy dilemma of recommender systems},
  author={Zhou, Tao and Kuscsik, Zolt{\'a}n and Liu, Jian-Guo and Medo, Mat{\'u}{\v{s}} and Wakeling, Joseph Rushton and Zhang, Yi-Cheng},
  journal={Proceedings of the National Academy of Sciences},
  volume={107},
  number={10},
  pages={4511--4515},
  year={2010},
  publisher={National Acad Sciences}
}

@article{brynjolfsson2010longer,
  title={The longer tail: The changing shape of Amazonâ€™s sales distribution curve},
  author={Brynjolfsson, Erik and Hu, Yu Jeffrey and Smith, Michael D},
  year={2010}
}

@article{auer2002finite,
  title={Finite-time analysis of the multiarmed bandit problem},
  author={Auer, Peter and Cesa-Bianchi, Nicolo and Fischer, Paul},
  journal={Machine learning},
  volume={47},
  number={2-3},
  pages={235--256},
  year={2002},
  publisher={Springer}
}

@inproceedings{bradley2001improving,
  title={Improving recommendation diversity},
  author={Bradley, Keith and Smyth, Barry},
  booktitle={Proceedings of the Twelfth Irish Conference on Artificial Intelligence and Cognitive Science, Maynooth, Ireland},
  pages={85--94},
  year={2001},
  organization={Citeseer}
}

@inproceedings{chu2011contextual,
  title={Contextual bandits with linear payoff functions},
  author={Chu, Wei and Li, Lihong and Reyzin, Lev and Schapire, Robert},
  booktitle={Proceedings of the Fourteenth International Conference on Artificial Intelligence and Statistics},
  pages={208--214},
  year={2011}
}

@inproceedings{murakami2007metrics,
  title={Metrics for evaluating the serendipity of recommendation lists},
  author={Murakami, Tomoko and Mori, Koichiro and Orihara, Ryohei},
  booktitle={Annual conference of the Japanese society for artificial intelligence},
  pages={40--46},
  year={2007},
  organization={Springer}
}


@inproceedings{ziegler2005improving,
  title={Improving recommendation lists through topic diversification},
  author={Ziegler, Cai-Nicolas and McNee, Sean M and Konstan, Joseph A and Lausen, Georg},
  booktitle={Proceedings of the 14th international conference on World Wide Web},
  pages={22--32},
  year={2005},
  organization={ACM}
}

@inproceedings{iaquinta2008introducing,
  title={Introducing serendipity in a content-based recommender system},
  author={Iaquinta, Leo and De Gemmis, Marco and Lops, Pasquale and Semeraro, Giovanni and Filannino, Michele and Molino, Piero},
  booktitle={Hybrid Intelligent Systems, 2008. HIS'08. Eighth International Conference on},
  pages={168--173},
  year={2008},
  organization={IEEE}
}

@inproceedings{ge2010beyond,
  title={Beyond accuracy: evaluating recommender systems by coverage and serendipity},
  author={Ge, Mouzhi and Delgado-Battenfeld, Carla and Jannach, Dietmar},
  booktitle={Proceedings of the fourth ACM conference on Recommender systems},
  pages={257--260},
  year={2010},
  organization={ACM}
}

@article{seznec2018rotting,
  title={Rotting bandits are no harder than stochastic ones},
  author={Seznec, Julien and Locatelli, Andrea and Carpentier, Alexandra and Lazaric, Alessandro and Valko, Michal},
  journal={arXiv preprint arXiv:1811.11043},
  year={2018}
}

@article{kotkov2016survey,
  title={A survey of serendipity in recommender systems},
  author={Kotkov, Denis and Wang, Shuaiqiang and Veijalainen, Jari},
  journal={Knowledge-Based Systems},
  volume={111},
  pages={180--192},
  year={2016},
  publisher={Elsevier}
}

